<?xml version="1.0" encoding="UTF-8"?><collection xmlns="http://www.loc.gov/MARC21/slim"><record><leader>00481nam--2200169-i-4500</leader><controlfield tag="001">000041192</controlfield><controlfield tag="002">20161230</controlfield><controlfield tag="005">20161230201043</controlfield><controlfield tag="008">060222s1000------------r-----000-0-eng-d</controlfield><datafield ind1=" " ind2=" " tag="040"><subfield code="a">IFIN-HH</subfield></datafield><datafield ind1=" " ind2=" " tag="080"><subfield code="a">539.1:539.14:539.12</subfield></datafield><datafield ind1="1" ind2=" " tag="100"><subfield code="a">Segre, Emilio</subfield></datafield><datafield ind1="1" ind2="0" tag="245"><subfield code="a">Nuclei and particles. an introduction to nuclear and subnuclear physics</subfield><subfield code="c">Emilio segre</subfield></datafield><datafield ind1=" " ind2=" " tag="260"><subfield code="a">New York</subfield><subfield code="b">W.A.Benjamin, Inc</subfield><subfield code="c">1964</subfield></datafield><datafield ind1=" " ind2=" " tag="300"><subfield code="a">XVI+741P</subfield></datafield><datafield ind1=" " ind2=" " tag="852"><subfield code="a">20369</subfield><subfield code="c">H.H</subfield></datafield><datafield ind1=" " ind2=" " tag="CAT"><subfield code="a">Sys</subfield><subfield code="c">20130328</subfield><subfield code="h">154705</subfield></datafield></record></collection>